<record><leader>00000cas a22000007a 4500</leader><controlfield tag="001">14116487</controlfield><controlfield tag="008">860820d191u1919utucr ne      0    0eng d</controlfield><datafield ind1=" " ind2=" " tag="010"><subfield code="a">sn 86091410 </subfield></datafield><datafield ind1=" " ind2=" " tag="040"><subfield code="a">UNP</subfield><subfield code="b">eng</subfield><subfield code="c">UNP</subfield><subfield code="d">OCLCQ</subfield></datafield><datafield ind1=" " ind2=" " tag="042"><subfield code="a">msc</subfield></datafield><datafield ind1="0" ind2=" " tag="130"><subfield code="a">Semi-weekly bulletin (Tooele, Utah)</subfield></datafield><datafield ind1="1" ind2="0" tag="245"><subfield code="a">Semi-weekly bulletin.</subfield></datafield><datafield ind1=" " ind2=" " tag="260"><subfield code="a">Tooele, Utah :</subfield><subfield code="b">[Bulletin Print. Co.]</subfield></datafield><datafield ind1=" " ind2=" " tag="300"><subfield code="a">v. :</subfield><subfield code="b">ill. ;</subfield><subfield code="c">56 cm.</subfield></datafield><datafield ind1=" " ind2=" " tag="310"><subfield code="a">Semiweekly</subfield></datafield><datafield ind1="1" ind2=" " tag="362"><subfield code="a">Ceased in 1919?</subfield></datafield><datafield ind1=" " ind2=" " tag="500"><subfield code="a">Publisher's name recorded in: Ayers, 1917.</subfield></datafield><datafield ind1=" " ind2=" " tag="580"><subfield code="a">Continues: Daily bulletin (Tooele, Utah) (non-extant?). Cf. Alter, J.C. Early Utah journalism.</subfield></datafield><datafield ind1=" " ind2=" " tag="588"><subfield code="a">Description based on: Vol. 2, no. 93 (July 4, 1917).</subfield></datafield><datafield ind1=" " ind2=" " tag="752"><subfield code="a">United States</subfield><subfield code="b">Utah</subfield><subfield code="c">Tooele</subfield><subfield code="d">Tooele.</subfield></datafield><datafield ind1="1" ind2="0" tag="780"><subfield code="t">Daily bulletin (Tooele, Utah)</subfield></datafield><datafield ind1="0" ind2="0" tag="785"><subfield code="t">Tooele bulletin (Tooele, Utah : 1919)</subfield><subfield code="w">(DLC)sn 86091411</subfield><subfield code="w">(OCoLC)14116542</subfield></datafield><datafield ind1="1" ind2=" " tag="029"><subfield code="a">AU@</subfield><subfield code="b">000025798515</subfield></datafield></record>